
@article{DBLP:journals/corr/QinSCCJC17,
	author    = {Yao Qin and
	Dongjin Song and
	Haifeng Chen and
	Wei Cheng and
	Guofei Jiang and
	Garrison W. Cottrell},
	title     = {A Dual-Stage Attention-Based Recurrent Neural Network for Time Series
	Prediction},
	journal   = {CoRR},
	volume    = {abs/1704.02971},
	year      = {2017},
	url       = {http://arxiv.org/abs/1704.02971},
	archivePrefix = {arXiv},
	eprint    = {1704.02971},
	timestamp = {Sat, 28 Sep 2019 00:58:01 +0200},
	biburl    = {https://dblp.org/rec/journals/corr/QinSCCJC17.bib},
	bibsource = {dblp computer science bibliography, https://dblp.org}
}

 
  